@article{Review2,
 title={A Report on the 2017 Native Language Identiﬁcation Shared Task},
 publisher={Association for Computational Linguistics},
 author={Shervin Malmasi, Keelan Evanini, Aoife Cahill, Joel Tetreault, Robert Pugh, Christopher Hamill, Diane Napolitano and Yao Qian5},
year="2017"
}

@article{Review1,
 title={Feature Analysis for Native Language Identiﬁcation},
 publisher={Center for Computation Linguistics},
 author={Sergiu Nisioi.},
 year="2015"
}

@article{Review3,
 title={Native Language Identification},
 publisher={Stanford University Symbolic Systems},
 author={Ishan Someshekar, Bogac Kerem Goskel and Huyen Nguyen},
 year="2017"
}
